% COVID-19 information
@article{Hu2021,
author={Hu, Ben and Guo, Hua and Zhou, Peng and Shi, Zheng-Li},
title={Characteristics of SARS-CoV-2 and COVID-19},
journal={Nature Reviews Microbiology},
year={2021},
month={Mar},
day={01},
volume={19},
number={3},
pages={141-154},
issn={1740-1534},
}

% Forecasting principles and ts analysis
@book{Hyndman2018,
title = "Forecasting: Principles and Practice [online]",
author = "Hyndman, {Robin John} and George Athanasopoulos",
year = "2018",
language = "English",
publisher = "OTexts",
address = "Australia",
edition = "2nd",
url="https://otexts.com/fpp2/",
note = {[cit. 10 May 2021]} 
}

@article{cleveland1990stl,
  title={STL: A seasonal-trend decomposition},
  author={Cleveland, Robert B and Cleveland, William S and McRae, Jean E and Terpenning, Irma},
  journal={Journal of official statistics},
  volume={6},
  number={1},
  pages={3--73},
  year={1990}
}

@book{cryer2008time,
  title={Time series analysis: with applications in R},
  author={Cryer, Jonathan D and Chan, {Kung-Sik}},
  publisher={Springer Science \& Business Media},
  address= {Switzerland},
  year={2008},
  edition={2nd},
  ISBN={978-0-387-75959-3}
}

@book{shumway2011,
  title={Time Series Analysis and Its Applications With R Examples},
  author={Shumway, Robert H and Stoffe, David S},
  publisher={Springer Science \& Business Media},
  address= {Switzerland},
  year={2011},
  edition={3d},
  ISBN={978-1-4419-7864-6},
}

%Facebook Prophet model

@article{Taylor2018,
author = {Sean J. Taylor and Benjamin Letham},
title = {Forecasting at Scale},
journal = {The American Statistician},
volume = {72},
number = {1},
pages = {37-45},
year  = {2018},
publisher = {Taylor & Francis},
}

@misc{ProphetDoc,
author = {Facebook},
title  = {Prophet: Forecasting at Scale [online]},
url    = {https://facebook.github.io/prophet/},
note   = {[cit. 22 April 2021]} 
}

@incollection{Kotz2001,
author="Kotz, Samuel
and Kozubowski, Tomaz J.
and Podg{\'o}rski, Krzysztof",
title="Classical Symmetric Laplace Distribution",
booktitle="The Laplace Distribution and Generalizations: A Revisit with Applications to Communications, Economics, Engineering, and Finance",
year="2001",
publisher="Birkh{\"a}user Boston",
address="Boston, MA",
pages="15--131",
isbn="978-1-4612-0173-1",
}

@incollection{tolstov1976fourier,
  title={Trigonometric Fourier Series},
  booktitle={Fourier series},
  author={Tolstov, Georgi P},
  year={1976},
  translator={Silverman Richard A},
  publisher={Dover Publications Inc.},
  address={New York, NY},
  pages={1--40},
  isbn={0-486-633317-9}
}

% FB prophet usage for COVID 19 modeling.

@article{WANG2020110058,
title = {Prediction of epidemic trends in COVID-19 with logistic model and machine learning technics},
author = {Peipei Wang and Xinqi Zheng and Jiayang Li and Bangren Zhu},
journal = {Chaos, Solitons \& Fractals},
volume = {139},
pages = {110058},
year = {2020},
issn = {0960-0779},
}

@article{indhuja2020prediction,
  title={Prediction of covid-19 cases in India using prophet},
  author={Indhuja, M and Sindhuja, PP},
  journal={International Journal of Statistics and Applied Mathematics},
  volume={5},
  number={4},
  pages={103--106},
  year={2020},
  ISSN={2456-1452},
}

@article{Sengupta2020.06.25.20140004,
	author = {Sengupta, Sohini and Mugde, Sareeta and Sharma, Garima},
	title = {Covid-19 Pandemic Data Analysis and Forecasting using Machine Learning Algorithms},
	year = {2020},
	publisher = {Cold Spring Harbor Laboratory Press},
	journal = {medRxiv}
}


% ARIMA model 
@article{Chang2012,
author = {Chang, Xinghua and Gao, Meng and Wang, Yan and Hou, Xiyong},
year = {2012},
month = {01},
pages = {500-505},
title = {Seasonal autoregressive integrated moving average model for precipitation time series},
volume = {8},
journal = {Journal of Mathematics and Statistics},
}

% ARIMA usage for COVID-19 time series

@article{ARUNKUMAR2021107161,
title = {Forecasting the dynamics of cumulative COVID-19 cases (confirmed, recovered and deaths) for top-16 countries using statistical machine learning models: Auto-Regressive Integrated Moving Average (ARIMA) and Seasonal Auto-Regressive Integrated Moving Average (SARIMA)},
journal = {Applied Soft Computing},
volume = {103},
pages = {107161},
year = {2021},
issn = {1568-4946},
author = {K.E. ArunKumar and Dinesh V. Kalaga and Ch. Mohan {Sai Kumar} and Govinda Chilkoor and Masahiro Kawaji and Timothy M. Brenza},
}

@article{CEYLAN2020138817,
title = {Estimation of COVID-19 prevalence in Italy, Spain, and France},
journal = {Science of The Total Environment},
volume = {729},
pages = {138817},
year = {2020},
issn = {0048-9697},
author = {Zeynep Ceylan},
}

@article{Malki2021,
author={Malki, Zohair
and Atlam, El-Sayed
and Ewis, Ashraf
and Dagnew, Guesh
and Alzighaibi, Ahmad Reda
and ELmarhomy, Ghada
and Elhosseini, Mostafa A.
and Hassanien, Aboul Ella
and Gad, Ibrahim},
title={ARIMA models for predicting the end of COVID-19 pandemic and the risk of second rebound},
journal={Neural Computing and Applications},
year={2021},
month={Apr},
day={01},
volume={33},
number={7},
pages={2929-2948},
issn={1433-3058},
}

% AIC, BIC

@article{doi:10.1177/0049124104268644,
author = {Kenneth P. Burnham and David R. Anderson},
title ={Multimodel Inference: Understanding AIC and BIC in Model Selection},
journal = {Sociological Methods \& Research},
volume = {33},
number = {2},
pages = {261-304},
year = {2004},
}

% Box and Jenkins
@book{box1976time,
  title={Time Series Analysis: Forecasting and Control},
  author={Box, G.E.P. and Jenkins, G.M. and Day, H.},
  ISBN={9780816211043},
  LCCN={76008713},
  series={Holden-Day series in time series analysis and digital processing},
  year={1976},
  publisher={Holden-Day},
  address={Canada}
}

% Box-Cox tranformation

@article{osborne2010,
author= {Osborne, Jason},
title = {Improving your data transformations: Applying the Box-Cox transformation},
journal = {Practical Assessment, Research, and Evaluation},
volume = {15},
number = {3}, 
year = {2010},
ISSN = {1531-7714}
}

% KPSS

@article{KWIATKOWSKI1992159,
title = {Testing the null hypothesis of stationarity against the alternative of a unit root: How sure are we that economic time series have a unit root?},
journal = {Journal of Econometrics},
volume = {54},
number = {1},
pages = {159-178},
year = {1992},
issn = {0304-4076},
author = {Denis Kwiatkowski and Peter C.B. Phillips and Peter Schmidt and Yongcheol Shin},
}

% Practical part

% Data

@misc{covidczdata,
title  = {COVID‑19: Přehled aktuální situace v ČR. Onemocnění aktuálně [online]},
author = {Komenda, M and Karolyi, M and Bulhart, V and Žofka, J and Brauner, T and Hak, J and Jarkovský, J and Mužík, J and Blaha, M and Kubát, J and Klimeš, D and Langhammer P and Daňková, Š and Májek, O and Bartůňková, M and Dušek, L},
url    = {https://onemocneni-aktualne.mzcr.cz/api/v2/covid-19},
year = {{Praha: Ministerstvo zdravotnictví ČR}, 2020},
note   = {[cit. 04 May 2021]},
ISSN = {2694-9423}
}

% Government restrictions

@misc{covidportal, 
title={Vládní opatření lidskou řečí [online]},
author={{Ministerstvo vnitra ČR}},
url={https://covid.gov.cz/}, 
journal={Covid Portál}, 
note = {[cit. 11 May 2021]} 
} 

% Libs

% Statsmodels

@inproceedings{seabold2010statsmodels,
  title={statsmodels: Econometric and statistical modeling with python},
  author={Seabold, Skipper and Perktold, Josef},
  booktitle={9th Python in Science Conference},
  year={2010},
}